<?xml version="1.0" encoding="UTF-8"?><collection><record><leader>04920ntm a2200457 a 4500</leader><controlfield tag="001">006769064</controlfield><controlfield tag="003">MiAaHDL</controlfield><controlfield tag="005">20190719000000.0</controlfield><controlfield tag="006">m        d        </controlfield><controlfield tag="007">cr bn ---auaua</controlfield><controlfield tag="008">090506s16uu    xx            00| ||ara d</controlfield><datafield tag="035" ind1=" " ind2=" "><subfield code="a">(MiU)006769064</subfield></datafield><datafield tag="035" ind1=" " ind2=" "><subfield code="a">sdr-miu006769064</subfield></datafield><datafield tag="040" ind1=" " ind2=" "><subfield code="a">MiU</subfield><subfield code="c">MiU</subfield><subfield code="e">amremm</subfield></datafield><datafield tag="043" ind1=" " ind2=" "><subfield code="a">n-us-mi</subfield></datafield><datafield tag="245" ind1="0" ind2="0"><subfield code="6">880-01</subfield><subfield code="a">[Sharḥ al-ʻAwāmil,</subfield><subfield code="f">early 17th century].</subfield></datafield><datafield tag="246" ind1="3" ind2=" "><subfield code="i">Title from close (p.90):</subfield><subfield code="a">معرب الطورنوح</subfield></datafield><datafield tag="260" ind1=" " ind2=" "><subfield code="c">[16--].</subfield></datafield><datafield tag="300" ind1=" " ind2=" "><subfield code="a">46 leaves :</subfield><subfield code="b">paper ;</subfield><subfield code="c">212 x 147 (155 x 81) mm.</subfield></datafield><datafield tag="500" ind1=" " ind2=" "><subfield code="a">Shelfmark: Ann Arbor, University of Michigan, Special Collections Library, Isl. Ms. 141</subfield></datafield><datafield tag="500" ind1=" " ind2=" "><subfield code="a">Origin: Lacks dated colophon ; paper suggests early 17th century.</subfield></datafield><datafield tag="500" ind1=" " ind2=" "><subfield code="a">Former shelfmark: British Museum, London "No. 161. Work on grammar."</subfield></datafield><datafield tag="500" ind1=" " ind2=" "><subfield code="a">Binding: Pasteboards covered in block-printed paper with spine in dark brown leather ; Type III binding (without flap) ; board linings in European laid paper (crossbow watermark) ; sewn in heavy cream thread, two stations ; overall in very poor condition with extremely severe delamination of boards, much abrasion, significant lifting and losses of paper and leather, staining, etc. ; cover almost completely detached at spine ; housed in envelope.</subfield></datafield><datafield tag="500" ind1=" " ind2=" "><subfield code="a">Support: European laid paper with 7 laid lines per cm. (vertical) and chain lines spaced 28 mm. apart (horizontal) ; watermarks include crown surmounted by star and crescent and three crescents with GV under trefoil countermark ; sturdy, thick and burnished.</subfield></datafield><datafield tag="500" ind1=" " ind2=" "><subfield code="a">Decoration: Basmalah at opening and abbreviation symbols rubricated ; overlining in red ; use of green ink for some abbreviation symbols and accents on keywords.</subfield></datafield><datafield tag="500" ind1=" " ind2=" "><subfield code="a">Script: Naskh ; elegant Ottoman hand ; right-sloping head-serifs appear on ascenders (alif, lām, ṭāʼ, ẓāʼ) but somewhat inconsistently ; effect of slight tilt to the left ; many open counters ; rightward descenders are mainly tapered, others are quite rounded.</subfield></datafield><datafield tag="500" ind1=" " ind2=" "><subfield code="a">Layout: Written in 21 lines per page ; frame-ruled.</subfield></datafield><datafield tag="500" ind1=" " ind2=" "><subfield code="a">Collation: 4 V(40), III (46) ; chiefly quinions ; catchwords present ; pagination in pencil, Western numerals, supplied during digitization.</subfield></datafield><datafield tag="500" ind1=" " ind2=" "><subfield code="a">Explicit: "فالعامل في المبتدأ او الخبر هو الابتداء وهو معنى فهذه مائة عامل فلا يستغني الصغير والكبير والرفيع والوضيع والشريف من العرب والعجم عن معرفة هذه الرسالة من العلوم العربية التي فصمت فراعاتها [؟] اللسان عن الغلط واللحن في المتكلم والتعليم بين المعلم والمتعلم على طريق الصواب تمت المعرب الطورنوح بعون الله وحسن توفيقه والحمد لله وحده وصلى الله تعالى ...[كذا]"</subfield></datafield><datafield tag="500" ind1=" " ind2=" "><subfield code="a">Incipit: "رضي فعل ماضي معلوم من باب علم الله مرفوع لفظا لانه فاعله تعالى فعل ماضي معلوم من التفاعل فاعله مستتر فيه وهو راجع الى الله عز وجل وتعالى مع ما عمل فيه ..."</subfield></datafield><datafield tag="500" ind1=" " ind2=" "><subfield code="a">Title supplied by cataloguer from inscription on 'title page' (p.1).</subfield></datafield><datafield tag="500" ind1=" " ind2=" "><subfield code="a">Ms. codex.</subfield></datafield><datafield tag="510" ind1="4" ind2=" "><subfield code="a">Brockelmann, C. GAL,</subfield><subfield code="c">I, 288</subfield></datafield><datafield tag="520" ind1="8" ind2=" "><subfield code="a">Fine copy of an anonymous commentary providing iʻrāb for ʻAbd al-Qāhir ibn ʻAbd al-Raḥmān al-Jurjānī's (d.1078?) al-ʻAwāmil al-miʼah, on Arabic syntax.</subfield></datafield><datafield tag="538" ind1=" " ind2=" "><subfield code="a">Mode of access: Internet.</subfield></datafield><datafield tag="541" ind1=" " ind2=" "><subfield code="c">Purchase ;</subfield><subfield code="a">Acquired by purchase (funds donated by Horace Rackham).</subfield><subfield code="d">1924.</subfield></datafield><datafield tag="546" ind1=" " ind2=" "><subfield code="a">Arabic.</subfield></datafield><datafield tag="561" ind1=" " ind2=" "><subfield code="a">Bookplate of British Museum, London on interior of upper cover, "British Museum, London. No. 161. Work on grammar." ; circular seal impression with figure of goat/gazelle in purple ink as well as inscription "139" in Western numerals on 'title page' (p.1) ; on paper (blue-tinted) pasted on ’title page’ (p.1), a detailed waqf statement in the name of al-Sayyid ʻAbd Allāh Adīb (Abdullah Edip), known as Jannatʹzādah (Cennet-zade), qāḍī of Erzurum, accompanied by his seal, reads: "وقفت وقفا صحيحا شرعيا على ان لا يخرج من بيت الكتب الملتصق بداري الا لعلماء سكنوا بارضروم بكفيل مرعى اورهن قوي وانا الفقير اليه عز شانه السيد عبد الله اديب الشهير بجنت زاده القاضي بمدينة ارضروم في سنة اثنى وستين ومائتين والف" ; fairly clean copy.</subfield></datafield><datafield tag="650" ind1=" " ind2="0"><subfield code="a">Manuscripts, Arabic</subfield><subfield code="z">Michigan</subfield><subfield code="z">Ann Arbor.</subfield></datafield><datafield tag="650" ind1=" " ind2="0"><subfield code="a">Arabic language</subfield><subfield code="x">Grammar</subfield><subfield code="v">Early works to 1800.</subfield></datafield><datafield tag="773" ind1="0" ind2=" "><subfield code="a">Tiflis Collection.</subfield></datafield><datafield tag="880" ind1="0" ind2="0"><subfield code="6">245-01/</subfield><subfield code="a">[شرح العوامل،</subfield><subfield code="f">اوائل القرن 17م].</subfield></datafield><datafield tag="CID" ind1=" " ind2=" "><subfield code="a">006769064</subfield></datafield><datafield tag="DAT" ind1="0" ind2=" "><subfield code="a">20190719102635.0</subfield><subfield code="b">20190719000000.0</subfield></datafield><datafield tag="DAT" ind1="1" ind2=" "><subfield code="a">20190719090653.0</subfield><subfield code="b">2019-07-19T16:10:50Z</subfield></datafield><datafield tag="DAT" ind1="2" ind2=" "><subfield code="a">2015-10-10T18:00:06Z</subfield></datafield><datafield tag="CAT" ind1=" " ind2=" "><subfield code="a">SDR-MIU</subfield><subfield code="d">EX LIBRIS - ALEPH</subfield><subfield code="l">prepare.pl-004-008</subfield></datafield><datafield tag="FMT" ind1=" " ind2=" "><subfield code="a">BK</subfield></datafield><datafield tag="HOL" ind1=" " ind2=" "><subfield code="0">sdr-miu006769064</subfield><subfield code="a">MiU</subfield><subfield code="b">SDR</subfield><subfield code="c">MIU</subfield><subfield code="p">mdp.39015079125103</subfield><subfield code="s">MIU</subfield><subfield code="1">006769064</subfield></datafield><datafield tag="974" ind1=" " ind2=" "><subfield code="b">MIU</subfield><subfield code="c">MIU</subfield><subfield code="d">20190719</subfield><subfield code="s">lit-dlps-dc</subfield><subfield code="u">mdp.39015079125103</subfield><subfield code="y">1699</subfield><subfield code="r">pd</subfield><subfield code="q">bib</subfield><subfield code="t">non-US bib date1 &lt; 1879</subfield></datafield></record></collection>